<record><leader>00000cas a22000007a 4500</leader><controlfield tag="001">11217048</controlfield><controlfield tag="008">841001d18831891nyudn ne      0    0eng d</controlfield><datafield ind1=" " ind2=" " tag="010"><subfield code="a">sn 84031647 </subfield></datafield><datafield ind1=" " ind2=" " tag="040"><subfield code="a">NYG</subfield><subfield code="b">eng</subfield><subfield code="c">NYG</subfield><subfield code="d">DLC</subfield><subfield code="d">NYS</subfield><subfield code="d">OCLCQ</subfield></datafield><datafield ind1=" " ind2=" " tag="042"><subfield code="a">msc</subfield></datafield><datafield ind1="0" ind2="0" tag="050"><subfield code="a">Newspaper 8829-X</subfield></datafield><datafield ind1="0" ind2=" " tag="130"><subfield code="a">Buffalo daily times (Buffalo, N.Y. : 1883)</subfield></datafield><datafield ind1="1" ind2="0" tag="245"><subfield code="a">Buffalo daily times.</subfield></datafield><datafield ind1="3" ind2="0" tag="246"><subfield code="a">Buffalo Sunday times</subfield></datafield><datafield ind1="1" ind2="3" tag="246"><subfield code="a">Buffalo Sunday morning times</subfield></datafield><datafield ind1="1" ind2="3" tag="246"><subfield code="a">Sunday times</subfield></datafield><datafield ind1="1" ind2="3" tag="246"><subfield code="a">Times republic</subfield></datafield><datafield ind1="1" ind2="7" tag="246"><subfield code="a">Buffalo times</subfield></datafield><datafield ind1=" " ind2=" " tag="260"><subfield code="a">Buffalo, N.Y. :</subfield><subfield code="b">Buffalo Daily Times</subfield></datafield><datafield ind1=" " ind2=" " tag="300"><subfield code="a">v. :</subfield><subfield code="b">ill. ;</subfield><subfield code="c">59-62 cm.</subfield></datafield><datafield ind1=" " ind2=" " tag="310"><subfield code="a">Daily</subfield></datafield><datafield ind1="1" ind2=" " tag="362"><subfield code="a">Began in 1883?</subfield></datafield><datafield ind1="0" ind2=" " tag="362"><subfield code="a">-v. 8, no. 22 (May 29, 1891).</subfield></datafield><datafield ind1=" " ind2=" " tag="500"><subfield code="a">Sunday issues published with title: Buffalo Sunday times, &lt;Dec. 16, 1883-Mar. 9, 1884&gt;.</subfield></datafield><datafield ind1=" " ind2=" " tag="500"><subfield code="a">Publisher: Norman E. Mack, &lt;1883-1888&gt;.</subfield></datafield><datafield ind1=" " ind2=" " tag="515"><subfield code="a">Sunday issues continue numbering of: Buffalo Sunday morning times.</subfield></datafield><datafield ind1=" " ind2=" " tag="588"><subfield code="a">Description based on: No. 79 (Dec. 13, 1883).</subfield></datafield><datafield ind1=" " ind2="4" tag="651"><subfield code="a">Buffalo (N.Y.)</subfield><subfield code="v">Newspapers.</subfield></datafield><datafield ind1=" " ind2="4" tag="651"><subfield code="a">Erie County (N.Y.)</subfield><subfield code="v">Newspapers.</subfield></datafield><datafield ind1=" " ind2=" " tag="752"><subfield code="a">United States</subfield><subfield code="b">New York</subfield><subfield code="c">Erie</subfield><subfield code="d">Buffalo.</subfield></datafield><datafield ind1="0" ind2="5" tag="780"><subfield code="t">Buffalo Sunday morning times</subfield><subfield code="w">(DLC)sn 88074040</subfield></datafield><datafield ind1="0" ind2="0" tag="785"><subfield code="t">Buffalo evening times</subfield><subfield code="w">(DLC)sn 83030940</subfield></datafield><datafield ind1="1" ind2=" " tag="029"><subfield code="a">AU@</subfield><subfield code="b">000020347919</subfield></datafield></record>